@book{advar,
  key = {advar},
  title = {Advanced arithmetic for the digital computer : design of arithmetic units},
  author = {Ulrich~W.~Kulisch},
  publisher = {Springer},
  year = {2002},
}

@Manual{htspec,
  key = {htspec},
  title = {HyperTransport Specification 3.0 Revision C},
  organization = {HyperTransport Technology Consortium},
  note = {\url{http://hypertransport.org/docucontrol/HTC20051222-0046-0023.pdf}}
}

@book{htarch,
   key = {htarch},
   title = {HyperTransport System Architecture},
   author = {Don~Anderson Jay~Trodden},
   organization = {Mindshare~Inc},
   publisher = {Addison-Wesley},
}

@Manual{amdinstr,
  key = {amdinstr},
  title = {AMD64 Architecture Programmer's Manual Volume 3: General-Purpose and system Instructions Rev 3.14},
  organization = {AMD},
  note = {\url{http://www.amd.com/us-en/assets/content_type/white_papers_and_tech_docs/24594.pdf}}
}
